@misc{nations_2023_united,
  author = {Nations, United},
  publisher = {United Nations},
  title = {United Nations Charter (full text) | United Nations},
  url = {https://www.un.org/en/about-us/un-charter/full-text},
  urldate = {2024-08-09},
  year = {2023},
  organization = {United Nations}
}

@misc{imperialwarmuseums_2024_a,
  author = {Imperial War Museums},
  title = {A short history of the Korean War},
  url = {https://www.iwm.org.uk/history/a-short-history-of-the-korean-war},
  urldate = {2024-08-09},
  year = {2024},
  organization = {Imperial War Museums}
}

@misc{thenationalendowmentforthehumanities_2019_korea,
  author = {NEH},
  title = {Korea and the Thirty-Eighth Parallel},
  url = {https://www.neh.gov/article/korea-and-thirty-eighth-parallel},
  urldate = {2024-08-09},
  year = {2019},
  organization = {The National Endowment for the Humanities}
}

@book{britannica_2024_world,
  author = {Britannica},
  title = {World War II | Facts, Summary, History, Dates, Combatants, \& Causes},
  url = {https://www.britannica.com/event/World-War-II},
  urldate = {2024-08-09},
  year = {2024},
  organization = {Encyclop√¶dia Britannica}
}

@book{bird2001world,
  title={World War II Ballistics: Armor and Gunnery},
  author={Bird, L.R.},
  lccn={2004271311},
  url={https://books.google.com.sg/books?id=ySrAHAAACAAJ},
  year={2001},
  publisher={Overmatch Press}
}
